

@misc{qam,
	title = {QAM},
	howpublished = "\url{https://www.radio-electronics.com/info/rf-technology-design/quadrature-amplitude-modulation-qam/what-is-qam-tutorial.php}"
}

@misc{psk-constellation,
	title = {Constellation},
	howpublished = "\url{https://aerospaceresearch.net/?p=825}"
}

@misc{digit,
	title = {Modulazioni Digitali},
	howpublished = "\url{http://www.digitaler-bos-funk.de/digital/digital.htm}"
}

@misc{ask,
	title = {ASK},
	howpublished = "\url{https://it.wikipedia.org/wiki/Amplitude-shift_keying}"
}

@misc{fsk,
	title = {FSK},
	howpublished = "\url{http://www.rfwireless-world.com/Terminology/Advantages-and-Disadvantages-of-FSK.html}"
}






